@inproceedings{takacs2008matrix,
  title={Matrix factorization and neighbor based algorithms for the netflix prize problem},
  author={Tak{\'a}cs, G{\'a}bor and Pil{\'a}szy, Istv{\'a}n and N{\'e}meth, Botty{\'a}n and Tikk, Domonkos},
  booktitle={Proceedings of the 2008 ACM conference on Recommender systems},
  pages={267--274},
  year={2008}
}
@Manual{R-base,
  title = {R: A Language and Environment for Statistical Computing},
  author = {{R Core Team}},
  organization = {R Foundation for Statistical Computing},
  address = {Vienna, Austria},
  year = {2021},
  url = {https://www.R-project.org/},
}
@Manual{R-gradethis,
  title = {gradethis: Automated Feedback for Student Exercises in 'learnr' Tutorials},
  author = {Garrick Aden-Buie and Daniel Chen and Garrett Grolemund and Barret Schloerke},
  year = {2021},
  note = {https://pkgs.rstudio.com/gradethis/,
https://rstudio.github.io/learnr/,
https://github.com/rstudio/gradethis},
}
@Manual{R-learnr,
  title = {learnr: Interactive Tutorials for R},
  author = {Barret Schloerke and JJ Allaire and Barbara Borges and Garrick Aden-Buie},
  year = {2021},
  note = {https://rstudio.github.io/learnr/,
https://github.com/rstudio/learnr},
}
@Manual{R-papaja,
  author = {Frederik Aust and Marius Barth},
  title = {{papaja}: {Create} {APA} manuscripts with {R Markdown}},
  year = {2020},
  note = {R package version 0.1.0.9997},
  url = {https://github.com/crsh/papaja},
}
@inproceedings{guillory2011simultaneous,
  title={Simultaneous learning and covering with adversarial noise},
  author={Guillory, Andrew and Bilmes, Jeff A},
  booktitle={ICML},
  year={2011}
}
@article{amershi2014power,
  title={Power to the people: The role of humans in interactive machine learning},
  author={Amershi, Saleema and Cakmak, Maya and Knox, William Bradley and Kulesza, Todd},
  journal={Ai Magazine},
  volume={35},
  number={4},
  pages={105--120},
  year={2014}
}
@article{bell2007lessons,
  title={Lessons from the netflix prize challenge},
  author={Bell, Robert M and Koren, Yehuda},
  journal={Acm Sigkdd Explorations Newsletter},
  volume={9},
  number={2},
  pages={75--79},
  year={2007},
  publisher={ACM New York, NY, USA}
}
@inproceedings{takacs2008matrix,
  title={Matrix factorization and neighbor based algorithms for the netflix prize problem},
  author={Tak{\'a}cs, G{\'a}bor and Pil{\'a}szy, Istv{\'a}n and N{\'e}meth, Botty{\'a}n and Tikk, Domonkos},
  booktitle={Proceedings of the 2008 ACM conference on Recommender systems},
  pages={267--274},
  year={2008}
}
@article{narayanan2006break,
  title={How to break anonymity of the netflix prize dataset},
  author={Narayanan, Arvind and Shmatikov, Vitaly},
  journal={arXiv preprint cs/0610105},
  year={2006}
}

@misc{netflix_2019, title={Netflix Prize data}, url={https://www.kaggle.com/netflix-inc/netflix-prize-data}, journal={Kaggle}, author={Netflix}, year={2019}, month={Nov}}